@inbook{bucket_source,
	author="Thomas H. Cormen and Charles E. Leiserson and Ronald L. Rivest",
	title="Introduction to Algorithms",
	publisher="--- MIT Press, Cambridge, 2009. --- pp. 200--204",
	chapter=8,
	language="english"
}

@inbook{heapsort_source,
	author="Thomas H. Cormen and Charles E. Leiserson and Ronald L. Rivest",
	title="Introduction to Algorithms",
	publisher="--- MIT Press, Cambridge, 2009. --- pp. 151--156",
	chapter=6,
	language="english",
}

@inbook{bubble_source,
	author="Thomas H. Cormen and Charles E. Leiserson and Ronald L. Rivest",
	title="Introduction to Algorithms",
	publisher="--- MIT Press, Cambridge, 2009. --- pp. 40--41",
	chapter=2,
	language="english",
}

@misc{windows,
	title="Windows [Электронный ресурс]",
	howpublished="Режим доступа: \url{https://www.microsoft.com/en-us/windows} (дата обращения: 10.10.2022)"
}

@misc{intel,
	title="Процессор Intel Core i5 [Электронный ресурс]",
	howpublished="Режим доступа: \url{https://www.intel.com/processors/core/i5/docs} (дата обращения: 10.10.2022)"
}

@misc{python,
	title="Welcome to Python [Электронный ресурс]",
	howpublished="Режим доступа: \url{https://www.python.org} (дата обращения: 10.10.2022)"
}

@misc{time,
	title="time — Time access and conversions [Электронный ресурс]",
	howpublished="Режим доступа: \url{https://docs.python.org/3/library/time.html} (дата обращения: 10.10.2022)"
}


@inbook{model,
	author="Ульянов, М. В.",
	title="Ресурсно-эффективные компьютерные алгоритмы. Разработка и анализ.",
	publisher="-- М. Наука, Физматлит",
	language="russian",
	year=2007,
	pages=376
}