
@book{
	AI,
	author="Нильсон Н.",
	title="Искусственный интеллект. Методы поиска решений.",
	publisher="М.: Мир",
	year=1973,
	pages=273
}

@misc{python,
	title="Welcome to Python [Электронный ресурс]",
	howpublished="Режим доступа: \url{https://www.python.org} (дата обращения: 10.10.2022)"
}

@inbook{dict,
	author="Шапошникова С.",
	title="Словари --- Лаборатория линуксоида [Электронный ресурс]",
	language="russian",
	year=2022,
	url="Режим доступа: \url{https://younglinux.info/python/dictionary} (дата обращения: 22.12.2022)"
}

@inbook{full-comb,
	author="Семёнов С. С., Педан А. В., Воловиков В. С., Климов И. С.",
	title="Анализ трудоёмкости различных алгоритмических подходов для решения задачи коммивояжёра",
	publisher="---  ООО «Корпорация «Интел Групп», Системы управления, связи и безопасности [Электронный ресурс]",
	language="russian",
	year=2022,
	url="Режим доступа: \url{https://cyberleninka.ru/article/n/analiz-trudoemkosti-razlichnyh-algoritmicheskih-podhodov-dlya-\
	resheniya-zadachi-kommivoyazhera} (дата обращения: 30.12.2022)"
}


@misc{cpp,
	title="C++ language [Электронный ресурс]",
	howpublished="Режим доступа: \url{https://en.cppreference.com/w/cpp/language} (дата обращения: 10.11.2022)"
}

@misc{conway,
	title="Конвейерная обработка данных [Электронный ресурс]",
	howpublished="Режим доступа: \url{https://studref.com/636041/ekonomika/konveyernaya_obrabotka_dannyh} (дата обращения: 14.12.2022)"	
}

@misc{clockgettime,
	title="$clock\_gettime$ function [Электронный ресурс]",
	howpublished="Режим доступа:\url{https://man7.org/linux/man-pages/man3/clock_gettime.3.html} (дата обращения: 20.11.2022)"	
}

@misc{time,
	title="time.h [Электронный ресурс]",
	howpublished="Режим доступа:\url{https://man7.org/linux/man-pages/man0/time.h.0p.html} (дата обращения: 20.11.2022)"	
}

@misc{thread,
	title="Класс thread [Электронный ресурс]",
	howpublished="Режим доступа:\url{https://learn.microsoft.com/ru-ru/cpp/standard-library/thread-class} (дата обращения: 14.11.2022)"	
}

@misc{queue,
	title="Класс queue [Электронный ресурс]",
	howpublished="Режим доступа:\url{https://learn.microsoft.com/ru-ru/cpp/standard-library/queue-class} (дата обращения: 14.11.2022)"	
}

@misc{mutex,
	title="Класс mutex [Электронный ресурс]",
	howpublished="Режим доступа:\url{https://learn.microsoft.com/ru-ru/cpp/standard-library/mutex-class-stl} (дата обращения: 14.11.2022)"	
}

@misc{ubuntu,
	title="Ubuntu [Электронный ресурс]",
	howpublished="Режим доступа:\url{https://ubuntu.com/} (дата обращения: 14.11.2022)"	
}
@misc{pthread,
	title="pthread.h - threads [Электронный ресурс]",
	howpublished="Режим доступа: \url{https://pubs.opengroup.org/onlinepubs/007908799/xsh/pthread.h.html} (дата обращения: 10.11.2022)"
}

@misc{c-lang,
	title="C language [Электронный ресурс]",
	howpublished="Режим доступа: \url{https://en.cppreference.com/w/c/language} (дата обращения: 10.11.2022)"
}

@misc{gettime,
	title="Определение текущего времени с высокой точностью [Электронный ресурс]",
	howpublished="Режим доступа: \url{http://all-ht.ru/inf/prog/c/func/clock_gettime.html} (дата обращения: 10.11.2022)"
}

@misc{
	DF,
	title=" Большакова Е.И., Клышинский Э.С., Ландэ Д.В., Носков А.А., Пескова О.В.,
	Ягунова Е.В. Автоматическая обработка текстов на естественном языке
	и компьютерная лингвистика. --- М.: МИЭМ, 2011. --- С. 171–173."}

@inbook{DF1,
	author="Большакова Е.И., Клышинский Э.С., Ландэ Д.В., Носков А.А., Пескова О.В., Ягунова Е.В.",
	title="Автоматическая обработка текстов на естественном языке и компьютерная лингвистика",
	publisher="-- М.: МИЭМ, 2011. --- С. 171--173",
	volume=500,
	chapter=1,
	language="russian",
}

@inbook{threads,
	author="Justin Stoltzfus",
	title="Multithreading",
	publisher="-- Techopedia - Janalta Interactive Inc. [Электронный ресурс]",
	language="english",
	year=2022,
	url="Режим доступа: \url{https://www.techopedia.com/definition/24297/multithreading-computer-architecture} (дата обращения: 11.10.2021)"
}

@misc{windows,
	title="Windows [Электронный ресурс]",
	howpublished="Режим доступа: \url{https://www.microsoft.com/en-us/windows} (дата обращения: 01.10.2022)"
}

@misc{intel,
	title="Процессор Intel Core i5 [Электронный ресурс]",
	howpublished="Режим доступа: \url{https://www.intel.com/processors/core/i5/docs} (дата обращения: 01.10.2022)"
}

@misc{model,
	title="М. В. Ульянов Ресурсно-эффективные компьютерные алгоритмы. Разработка и анализ."},
year=2007
}

@misc{time,
	title="time — Time access and conversions [Электронный ресурс]",
	howpublished="Режим доступа: \url{https://docs.python.org/3/library/time.html} (дата обращения: 10.10.2022)"
}
