@inbook{matrix,
	author="Баварин, И. И.",
	title="Высшая математика: учебник по естественно-научным направлениям и специальностям",
	publisher="-- М.: Гуманит. изд. центр ВЛАДОС, 2003. --- C. 45--49",
	chapter=3,
	language="russian",
}

@misc{win_mat,
	title="Kakaradov B. Ultra-Fast Matrix Multiplication:
	An Empirical Analysis of Highly Optimized Vector Algorithms [Электронный ресурс] //
	cs.stanford.edu: [сайт]. [2004]",
	howpublished="URL: \url{https://cs.stanford.edu/people/boyko/pubs/MatrixMult_SURJ_2004.pdf}"
}

@misc{python,
	title="Welcome to Python [Электронный ресурс]",
	howpublished="Режим доступа: \url{https://www.python.org} (дата обращения: 10.10.2022)"
}


@misc{windows,
	title="Windows [Электронный ресурс]",
	howpublished="Режим доступа: \url{https://www.microsoft.com/en-us/windows} (дата обращения: 01.10.2022)"
}

@misc{intel,
	title="Процессор Intel Core i5 [Электронный ресурс]",
	howpublished="Режим доступа: \url{https://www.intel.com/processors/core/i5/docs} (дата обращения: 01.10.2022)"
}

@misc{model,
	title="М. В. Ульянов Ресурсно-эффективные компьютерные алгоритмы. Разработка и анализ."},
year=2007
}

@misc{time,
	title="time — Time access and conversions [Электронный ресурс]",
	howpublished="Режим доступа: \url{https://docs.python.org/3/library/time.html} (дата обращения: 10.10.2022)"
}
