
@misc{pthread,
	title="pthread.h - threads [Электронный ресурс]",
	howpublished="Режим доступа: \url{https://pubs.opengroup.org/onlinepubs/007908799/xsh/pthread.h.html} (дата обращения: 10.11.2022)"
}

@misc{c-lang,
	title="C language [Электронный ресурс]",
	howpublished="Режим доступа: \url{https://en.cppreference.com/w/c/language} (дата обращения: 10.11.2022)"
}

@misc{gettime,
	title="Определение текущего времени с высокой точностью [Электронный ресурс]",
	howpublished="Режим доступа: \url{http://all-ht.ru/inf/prog/c/func/clock_gettime.html} (дата обращения: 10.11.2022)"
}

@misc{
	DF,
	title=" Большакова Е.И., Клышинский Э.С., Ландэ Д.В., Носков А.А., Пескова О.В.,
	Ягунова Е.В. Автоматическая обработка текстов на естественном языке
	и компьютерная лингвистика. --- М.: МИЭМ, 2011. --- С. 171–173."}

@inbook{DF1,
	author="Большакова Е.И., Клышинский Э.С., Ландэ Д.В., Носков А.А., Пескова О.В., Ягунова Е.В.",
	title="Автоматическая обработка текстов на естественном языке и компьютерная лингвистика",
	publisher="-- М.: МИЭМ, 2011. --- С. 171--173",
	volume=500,
	chapter=1,
	language="russian",
}

@inbook{threads,
	author="Justin Stoltzfus",
	title="Multithreading",
	publisher="-- Techopedia - Janalta Interactive Inc. [Электронный ресурс]",
	language="english",
	year=2022,
	url="Режим доступа: \url{https://www.techopedia.com/definition/24297/multithreading-computer-architecture} (дата обращения: 11.10.2021)"
}

@misc{windows,
	title="Windows [Электронный ресурс]",
	howpublished="Режим доступа: \url{https://www.microsoft.com/en-us/windows} (дата обращения: 01.10.2022)"
}

@misc{intel,
	title="Процессор Intel Core i5 [Электронный ресурс]",
	howpublished="Режим доступа: \url{https://www.intel.com/processors/core/i5/docs} (дата обращения: 01.10.2022)"
}

@misc{model,
	title="М. В. Ульянов Ресурсно-эффективные компьютерные алгоритмы. Разработка и анализ."},
year=2007
}

@misc{time,
	title="time — Time access and conversions [Электронный ресурс]",
	howpublished="Режим доступа: \url{https://docs.python.org/3/library/time.html} (дата обращения: 10.10.2022)"
}
