@inbook{levenshtein,
	author="Левенштейн, В. И.",
	title="Двоичные коды с исправлением выпадений, вставок и замещений символов",
	publisher="--- М.:  издательство <<Наука>> Доклады АН СССР",
	volume=163,
	chapter=4,
	pages=--- 845--848",
	language="russian",
	year=1965
}

@inbook{damerau-levenshtein,
	author="Черненький В. М., Гапанюк Ю. Е.",
	title="Методика идентификации пассажира по установочным данным",
	publisher="--- М.: издательство МГТУ им. Н.Э. Баумана Вестник МГТУ им. Н.Э. Баумана. Сер. <<Приборостроение>>",
	volume=163,
	chapter=4,
	pages="--- 30--34",
	language="russian",
	year=2012
}

@misc{python,
	title="Welcome to Python [Электронный ресурс]",
	howpublished="Режим доступа: \url{https://www.python.org} (дата обращения: 10.10.2022)"
}

@misc{c-lang,
	title="C language [Электронный ресурс]",
	howpublished="Режим доступа: \url{https://en.cppreference.com/w/c/language} (дата обращения: 01.10.2022)"
}

@misc{c-lang-time,
	title="GetProcessTimes function [Электронный ресурс]",
	howpublished="Режим доступа: \url{https://learn.microsoft.com/en-us/windows/win32/api/processthreadsapi/nf-processthreadsapi-getprocesstimes} (дата обращения: 01.10.2022)"
}

@misc{windows,
	title="Windows [Электронный ресурс]",
	howpublished="Режим доступа: \url{https://www.microsoft.com/en-us/windows} (дата обращения: 01.10.2022)"
}

@misc{intel,
	title="Процессор Intel Core i5 [Электронный ресурс]",
	howpublished="Режим доступа: \url{https://www.intel.com/processors/core/i5/docs} (дата обращения: 01.10.2022)"
}

@misc{model,
	title="М. В. Ульянов Ресурсно-эффективные компьютерные алгоритмы. Разработка и анализ."},
year=2007
}

@misc{time,
	title="time — Time access and conversions [Электронный ресурс]",
	howpublished="Режим доступа: \url{https://docs.python.org/3/library/time.html} (дата обращения: 10.10.2022)"
}
